<record><leader>00000cas a22000007a 4500</leader><controlfield tag="001">16106992</controlfield><controlfield tag="008">870630d19481962iauwr ne      0    0eng d</controlfield><datafield ind1=" " ind2=" " tag="010"><subfield code="a">sn 87058425 </subfield></datafield><datafield ind1=" " ind2=" " tag="040"><subfield code="a">INP</subfield><subfield code="b">eng</subfield><subfield code="c">INP</subfield><subfield code="d">OCLCQ</subfield></datafield><datafield ind1=" " ind2=" " tag="042"><subfield code="a">msc</subfield></datafield><datafield ind1="0" ind2="4" tag="245"><subfield code="a">The Parkersburg eclipse and the New Hartford, Iowa, review, consolidated.</subfield></datafield><datafield ind1="3" ind2="0" tag="246"><subfield code="a">Parkersburg eclipse and the New Hartford, Iowa, review</subfield></datafield><datafield ind1="1" ind2="3" tag="246"><subfield code="a">Parkersburg eclipse</subfield></datafield><datafield ind1=" " ind2=" " tag="260"><subfield code="a">Parkersburg, Iowa :</subfield><subfield code="b">[s.n.],</subfield><subfield code="c">1948-1962.</subfield></datafield><datafield ind1=" " ind2=" " tag="300"><subfield code="a">14 v.</subfield></datafield><datafield ind1=" " ind2=" " tag="310"><subfield code="a">Weekly</subfield></datafield><datafield ind1="0" ind2=" " tag="362"><subfield code="a">Vol. 76, no. 2 (Sept. 9, 1948)-v. 89, no. 33 (Apr. 18, 1962).</subfield></datafield><datafield ind1=" " ind2=" " tag="500"><subfield code="a">Published as: Parkersburg eclipse and the New Hartford, Iowa, review, &lt;Apr. 19, 1961&gt;-1962.</subfield></datafield><datafield ind1=" " ind2=" " tag="500"><subfield code="a">Publisher varies.</subfield></datafield><datafield ind1=" " ind2=" " tag="500"><subfield code="a">Includes weekly section called: New Hartford review, &lt;Dec. 6, 1961&gt;-1962.</subfield></datafield><datafield ind1=" " ind2=" " tag="752"><subfield code="a">United States</subfield><subfield code="b">Iowa</subfield><subfield code="c">Butler</subfield><subfield code="d">Parkersburg.</subfield></datafield><datafield ind1=" " ind2=" " tag="752"><subfield code="a">United States</subfield><subfield code="b">Iowa</subfield><subfield code="c">Butler</subfield><subfield code="d">New Hartford.</subfield></datafield><datafield ind1="0" ind2="0" tag="780"><subfield code="t">Parkersburg eclipse (Parkersburg, Iowa : 1934)</subfield><subfield code="w">(DLC)sn 88059223</subfield></datafield><datafield ind1="0" ind2="7" tag="785"><subfield code="t">Aplington news</subfield><subfield code="w">(DLC)sn 88059296</subfield></datafield><datafield ind1="0" ind2="7" tag="785"><subfield code="t">Parkersburg eclipse, the Aplington news and the New Hartford, Iowa, review</subfield><subfield code="w">(DLC)sn 87058426</subfield></datafield><datafield ind1="1" ind2=" " tag="787"><subfield code="t">New Hartford review</subfield></datafield></record>